<?xml version="1.0" encoding="UTF-8" ?>
<collection xmlns:xsi="http://www.w3.org/2001/XMLSchema-instance"
    xsi:schemaLocation="http://www.loc.gov/MARC21/slim
        http://www.loc.gov/standards/marcxml/schema/MARC21slim.xsd"
    xmlns="http://www.loc.gov/MARC21/slim">
<record>
  <leader>00212cam a2200385 i 4500</leader>
  <controlfield tag="001">b12407951</controlfield>
  <controlfield tag="003">LeBAU</controlfield>
  <controlfield tag="005">20190314</controlfield>
  <controlfield tag="008">970401s1944    ua       b    ||0 0 ara d</controlfield>
  <datafield tag="035" ind1=" " ind2=" ">
    <subfield code="a">ocn784301993</subfield>
  </datafield>
  <datafield tag="040" ind1=" " ind2=" ">
    <subfield code="a">LEAUB</subfield>
    <subfield code="b">ara</subfield>
    <subfield code="e">rda</subfield>
    <subfield code="c">LEAUB</subfield>
    <subfield code="d">LEAUB</subfield>
  </datafield>
  <datafield tag="082" ind1="0" ind2="4">
    <subfield code="a">330.962</subfield>
    <subfield code="2">20</subfield>
  </datafield>
  <datafield tag="100" ind1="1" ind2=" ">
    <subfield code="6">880-01</subfield>
    <subfield code="a">Lahīṭah, Muḥammad Fahmī,</subfield>
    <subfield code="e">author.</subfield>
  </datafield>
  <datafield tag="245" ind1="1" ind2="0">
    <subfield code="6">880-02</subfield>
    <subfield code="a">Tārīkh Miṣr al-Iqtiṣādī fī al-ʻUṣūr al-Ḥadīthah /</subfield>
    <subfield code="c">taʼlīf al-Duktūr Muḥammad Fahmī Lahīṭah, bakālūryūs fī al-ʻulūm al-tijārīyah wa-ustādh fī al-falsafah al-iqtiṣādīyah min Jāmiʻat Birminjhām, duktūr fī al-ʻulūm al-iqtiṣādīyah wa-al-mālīyah wa-al-tārīkh al-iqtiṣādī min Jāmiʻat Līdz, ʻuḍw al-Jamʻīyah al-Malakīyah lil-Iḥṣāʼ bi-Landan, ʻuḍw al-Jamʻīyah al-Malakīyah lil-iqtiṣād bi-Landan, wāḍiʻ risālat "ʻAlāqat Miṣr bi-Tijārat Sūriyā" bi-Birminjhām sanat 1916 wa-risālat "al-ʻAmal wa-al-ʻUmmāl fī Miṣr" lil-ustādhīyah bi-Birminjhām sanat 1922, wa-risālat Markaz Miṣr al-Iqtiṣādī lil-duktūrāh sanat 1926 wa-muʼallif ʻIlm al-Iqtiṣād lil-Miṣrīyīn sanat 1939 wa-muʼallif al-Iqtiṣād al-Zirāʻī wa-al-Tamwīn sanat 1942 wa-"ʻAnāṣir ʻIlm al-Iqtiṣād" Lahīṭah wa-ʻUlaysh sanat 1946 wa-muʼallif "al-Iqtiṣād al-Ṣināʻī wa-al-Bank al-Markazī" sanat 1944.</subfield>
  </datafield>
  <datafield tag="250" ind1=" " ind2=" ">
    <subfield code="6">880-03</subfield>
    <subfield code="a">al-Ṭabʻah al-thānīyah.</subfield>
  </datafield>
  <datafield tag="264" ind1=" " ind2="1">
    <subfield code="6">880-04</subfield>
    <subfield code="a">al-Qāhirah :</subfield>
    <subfield code="b">Maṭbaʻat Lajnat al-Taʼlīf wa-al-Tarjamah wa-al-Nashr,</subfield>
    <subfield code="c">1944.</subfield>
  </datafield>
  <datafield tag="300" ind1=" " ind2=" ">
    <subfield code="6">880-05</subfield>
    <subfield code="a">614, b-l pages ;</subfield>
    <subfield code="c">28 cm</subfield>
  </datafield>
  <datafield tag="336" ind1=" " ind2=" ">
    <subfield code="a">text</subfield>
    <subfield code="b">txt</subfield>
    <subfield code="2">rdacontent</subfield>
  </datafield>
  <datafield tag="337" ind1=" " ind2=" ">
    <subfield code="a">unmediated</subfield>
    <subfield code="b">n</subfield>
    <subfield code="2">rdamedia</subfield>
  </datafield>
  <datafield tag="338" ind1=" " ind2=" ">
    <subfield code="a">volume</subfield>
    <subfield code="b">nc</subfield>
    <subfield code="2">rdacarrier</subfield>
  </datafield>
  <datafield tag="504" ind1=" " ind2=" ">
    <subfield code="a">يتضمن مراجع ببليوغرافية.</subfield>
  </datafield>
  <datafield tag="651" ind1=" " ind2="4">
    <subfield code="a">مصر</subfield>
    <subfield code="x">الاحوال الاقتصادية</subfield>
    <subfield code="x">تاريخ.</subfield>
  </datafield>
  <datafield tag="651" ind1=" " ind2="4">
    <subfield code="a">مصر</subfield>
    <subfield code="x">السياسة الإقتصادية.</subfield>
  </datafield>
  <datafield tag="651" ind1=" " ind2="0">
    <subfield code="a">Egypt</subfield>
    <subfield code="x">Economic conditions</subfield>
    <subfield code="x">History.</subfield>
  </datafield>
  <datafield tag="651" ind1=" " ind2="0">
    <subfield code="a">Egypt</subfield>
    <subfield code="x">Economic policy.</subfield>
  </datafield>
  <datafield tag="852" ind1=" " ind2=" ">
    <subfield code="a">Jafet Library</subfield>
    <subfield code="e">American University of Beirut, Bliss Street , Beirut, Lebanon.</subfield>
  </datafield>
  <datafield tag="880" ind1="1" ind2=" ">
    <subfield code="6">100-01/(3/r</subfield>
    <subfield code="a">لهيطة، محمد فهمي،</subfield>
    <subfield code="e">مؤلف. </subfield>
    <subfield code="4">aut.</subfield>
  </datafield>
  <datafield tag="880" ind1="1" ind2="0">
    <subfield code="6">245-02/(3/r</subfield>
    <subfield code="a">تاريخ مصر الإقتصادي في العصور الحديثة /</subfield>
    <subfield code="c">تأليف الدكتور محمد فهمي لهيطة، بكالوريوس في العلوم التجارية وأستاذ في الفلسفة الإقتصادية من جامعة برمنجهام، دكتور في العلوم الإقتصادية والمالية والتاريخ الإقتصادي من جامعة ليدز، عضو الجمعية الملكية للإحصاء بلندن، عضو الجمعية الملكية للإقتصاد بلندن، واضع رسالة "علاقة مصر بتجارة سوريا" ببرمنجهام سنة 1916 ورسالة "العمل والعمال في مصر" للأستاذية ببرمنجهام سنة 1922 ورسالة مركز مصر الإقتصادي للدكتوراه سنة 1926 ومؤلف علم الإقتصاد للمصريين سنة 1939 ومؤلف الإقتصاد الزراعي والتموين سنة 1942 و"عناصر علم الإقتصاد" لهيطة وعليش سنة 1946 ومؤلف "الإقتصاد الصناعي والبنك المركزي" سنة 1944.</subfield>
  </datafield>
  <datafield tag="880" ind1=" " ind2=" ">
    <subfield code="6">250-03/(3/r</subfield>
    <subfield code="a">الطبعة الثانية.</subfield>
  </datafield>
  <datafield tag="880" ind1=" " ind2="1">
    <subfield code="6">264-04/(3/r</subfield>
    <subfield code="a">القاهرة :</subfield>
    <subfield code="b">مطبعة لجنة التأليف والترجمة والنشر،</subfield>
    <subfield code="c">1944.</subfield>
  </datafield>
  <datafield tag="880" ind1=" " ind2=" ">
    <subfield code="6">300-05/(3/r</subfield>
    <subfield code="a">614، ب-ل صفحة ؛</subfield>
    <subfield code="c">28 سم</subfield>
  </datafield>
  <datafield tag="907" ind1=" " ind2=" ">
    <subfield code="a">.b12407951</subfield>
    <subfield code="b">19-03-26</subfield>
    <subfield code="c">11-05-24</subfield>
  </datafield>
  <datafield tag="907" ind1=" " ind2=" ">
    <subfield code="a">.b12407951</subfield>
    <subfield code="b">15-10-15</subfield>
    <subfield code="c">11-05-24</subfield>
  </datafield>
  <datafield tag="945" ind1=" " ind2=" ">
    <subfield code="f">J</subfield>
    <subfield code="a">330.962:L95tA:c.1</subfield>
    <subfield code="i">01014394</subfield>
    <subfield code="j">.i12871424</subfield>
    <subfield code="l">u0503</subfield>
  </datafield>
  <datafield tag="998" ind1=" " ind2=" ">
    <subfield code="a">u05</subfield>
    <subfield code="b">97-04-01</subfield>
    <subfield code="c">m</subfield>
    <subfield code="d">a  </subfield>
    <subfield code="e">-</subfield>
    <subfield code="f">ara</subfield>
    <subfield code="g">ua </subfield>
    <subfield code="h">0</subfield>
    <subfield code="i">1</subfield>
  </datafield>
</record>
</collection>
